@article{FeilletDejaxGendreauGueguen2004,
  author = {Feillet, Dominique and Dejax, Pierre and Gendreau, Michel and Gueguen, Cyrille},
  title = {An exact algorithm for the elementary shortest path problem with resource constraints: Application to some vehicle routing problems},
  journal = {Networks},
  volume = {44},
  number = {3},
  pages = {216-229},
  doi = {10.1002/net.20033},
  year = {2004}
}

